%% This BibTeX bibliography file was created using BibDesk.
%% http://bibdesk.sourceforge.net/


%% Created for Mitch Myburgh at 2015-06-10 17:30:26 +0200 


%% Saved with string encoding Unicode (UTF-8) 



@article{knot2,
	Date-Added = {2015-06-10 15:25:23 +0000},
	Date-Modified = {2015-06-10 15:30:18 +0000},
	Note = {\url{http://www.ceolas.org/clipart.html}}}

@article{knot1,
	Author = {G. Fisher and B. Mellor},
	Date-Added = {2015-06-10 15:12:54 +0000},
	Date-Modified = {2015-06-10 15:22:54 +0000},
	Title = {On the Topology of Celtic Knot Designs},
	Note = {\url{http://www.mi.sanu.ac.rs/vismath/fisher/}}}

@inproceedings{bridges2000:13,
	Address = {Southwestern College, Winfield, Kansas},
	Author = {Douglas Dunham},
	Booktitle = {Bridges: Mathematical Connections in Art, Music, and Science},
	Editor = {Reza Sarhangi},
	Isbn = {0-9665201-2-2},
	Issn = {1099-6702},
	Note = {Available online at \url{http://archive.bridgesmathart.org/2000/bridges2000-13.html}},
	Pages = {13--22},
	Publisher = {Bridges Conference},
	Title = {Hyperbolic Celtic Knot Patterns},
	Year = {2000}}

@inproceedings{KC2003,
	Author = {Matthew Kaplan and Elaine Cohen},
	Booktitle = {Eurographics Symposium on Rendering 2003},
	Date-Added = {2015-05-23 09:06:17 +0000},
	Date-Modified = {2015-05-23 09:19:12 +0000},
	Editor = {Per Christensen and Daniel Cohen-Or},
	Journal = {EGRW '03 Proceedings of the 14th Eurographics workshop on Rendering},
	Pages = {9-19},
	Title = {Computer Generated Celtic Design},
	Year = {2003}}

@inbook{DK2000,
	Author = {Frank Drewes and Renate Klempien-Hinrichs},
	Chapter = {Picking Knots from Trees},
	Date-Modified = {2015-05-23 09:06:14 +0000},
	Pages = {89-104},
	Publisher = {Springer Berlin Heidelberg},
	Series = {Lecture Notes in Computer Science},
	Title = {Theory and Application of Diagrams},
	Volume = {1889},
	Year = {2000}}

@book{IBain1951,
	Address = {New York},
	Author = {Iain Bain},
	Date-Modified = {2015-05-23 08:57:03 +0000},
	Publisher = {Sterling Publishing},
	Title = {Celtic Knotwork},
	Year = {1986}}

@article{Glassner3,
	Author = {Andrew Glassner},
	Date-Modified = {2015-05-23 09:01:15 +0000},
	Journal = {Computer Graphics and Applications, IEEE},
	Month = {Jan/Feb},
	Number = {1},
	Pages = {70-75},
	Title = {Andrew Glassner's Notebook: Celtic Knotwork, Part 3},
	Volume = {20},
	Year = {2000}}

@book{GBain1951,
	Address = {Glasgow},
	Author = {George Bain},
	Date-Modified = {2015-05-23 08:55:33 +0000},
	Publisher = {William MacLellan and Co.},
	Title = {Celtic Art: The Methods of Construction},
	Year = {1951}}

@article{Glassner2,
	Author = {Andrew Glassner},
	Date-Modified = {2015-05-23 08:59:54 +0000},
	Journal = {Computer Graphics and Applications, IEEE},
	Month = {Nov/Dec},
	Number = {6},
	Pages = {82-86},
	Title = {Andrew Glassner's Notebook: Celtic Knotwork, Part 2},
	Volume = {19},
	Year = {1999}}

@article{Glassner1,
	Author = {Andrew Glassner},
	Date-Modified = {2015-05-23 08:58:44 +0000},
	Journal = {Computer Graphics and Applications, IEEE},
	Month = {Sept/Oct},
	Number = {5},
	Pages = {78 - 84},
	Title = {Andrew Glassner's Notebook: Celtic Knotwork, Part 1},
	Volume = {19},
	Year = {1999}}
